<?xml version="1.0" encoding="UTF-8"?><record xmlns="http://www.loc.gov/MARC21/slim" xmlns:cinclude="http://apache.org/cocoon/include/1.0" xmlns:zs="http://www.loc.gov/zing/srw/">
  <leader>00418nz  a2200145n  4500</leader>
  <controlfield tag="001">no 00104193 </controlfield>
  <controlfield tag="003">DLC</controlfield>
  <controlfield tag="005">20001230070021.0</controlfield>
  <controlfield tag="008">001229n| acannaabn          |a aaa     c</controlfield>
  <datafield tag="010" ind1=" " ind2=" ">
    <subfield code="a">no 00104193 </subfield>
  </datafield>
  <datafield tag="035" ind1=" " ind2=" ">
    <subfield code="a">(OCoLC)oca05384448</subfield>
  </datafield>
  <datafield tag="040" ind1=" " ind2=" ">
    <subfield code="a">DGU</subfield>
    <subfield code="b">eng</subfield>
    <subfield code="c">DGU</subfield>
  </datafield>
  <datafield tag="100" ind1="1" ind2="0">
    <subfield code="a">Marcenaro Frers, Ricardo</subfield>
  </datafield>
  <datafield tag="400" ind1="1" ind2="0">
    <subfield code="a">Frers, Ricardo Marcenaro</subfield>
  </datafield>
  <datafield tag="670" ind1=" " ind2=" ">
    <subfield code="a">El trabajo en la nueva constituciĚon, 1995:</subfield>
    <subfield code="b">t.p. (Ricardo Marcenaro Frers)</subfield>
  </datafield>
</record>